=LDR  02153cas a2200565 i 4500
=001  017799086
=003  Uk
=005  20171207091127.0
=006  m\\\\\\\\d\|\\\\\\
=007  cr||||||||||||
=008  160406c201u9999enkqr\p\o\s\\\0\\\a0eng\\
=FMT  \\$a  SE
=015  \\$aGBB770988$2bnb
=022  0\$a2398-0974$202
=037  \\$a???$bBusiness Monitor International
=040  \\$aUk$beng$cUk$erda
=042  \\$aissnuk$aukblsr
=082  04$a338.476292209405$223
=222  \0$aEurope autos report
=245  00$aEurope autos report :$bincludes 5-year forecasts to ...
=264  \1$aLondon, United Kingdom :$bBMI Research,$c[2016?]-
=300  \\$billustrations (colour).
=310  \\$aQuarterly
=336  \\$atext$2rdacontent
=337  \\$acomputer$2rdamedia
=338  \\$aonline resource$2rdacarrier
=490  0\$aIndustry report & forecasts series
=500  \\$a"BMI Research, a FitchGroup company."
=588  \\$aDescription based on: Q3 (2016); title from pdf supplied by publisher, viewed April 25, 2017.
=650  \0$aAutomobile industry and trade$zEurope$vPeriodicals.
=650  \0$aAutomobile industry and trade$zEurope$vStatistics$vPeriodicals.
=650  \0$aAutomobile industry and trade$zEurope$xForecasting$vPeriodicals.
=650  \0$aCommercial vehicle industry$zEurope$vPeriodicals.
=650  \0$aCommercial vehicle industry$zEurope$vStatistics$vPeriodicals.
=650  \0$aCommercial vehicle industry$zEurope$xForecasting$vPeriodicals.
=650  \0$aMarket surveys$zEurope$vPeriodicals.
=690  7\$aManagement and Business Studies$2blcoll
=710  2\$aBMI Research (Firm),$eissuing body.
=710  2\$aBusiness Monitor International.
=856  40$uhttp://www.bmiresearch.com$zTo subscribe
=859  \\$aELD
=852  41$aBritish Library$bHMNTS$jELD Digital store
=CAT  \\$a10973$b40$c20160406$lBLL01$h1349
=CAT  \\$a11205$b40$c20170425$lBLL01$h1421
=CAT  \\$a11147$b40$c20171207$lBLL01$h0911
=CAT  \\$aBATCH-MBS$c20171215$lBLL01$h2117
=FIN  \\$aY$d20170425
=LET  \0$aEurope autos report (Electronic)
=MNI  \\$a2398-0974
=LAS  \\$aBATCH-MBS$b00$c20171215$lBLL01$h2117

