=LDR  01713cas a2200493 i 4500
=001  018232880
=003  Uk
=005  20180115154102.0
=006  m\\\\\\\\d\|\\\\\\
=007  cr||||||||||||
=008  170220c201u9999enkar\p\o\s\\\0\\\a0eng\\
=FMT  \\$a  SE
=015  \\$aGBB7N0125$2bnb
=022  0\$a2514-1139$202
=037  \\$a???$bBusinss Monitor International
=040  \\$aUk$beng$cUk$erda
=042  \\$aissnuk$aukblsr
=082  04$a338.761610284$223
=222  \0$aGE Healthcare medical device companies analysis report
=245  00$aGE Healthcare medical device companies analysis report.
=264  \1$aLondon :$bBMI Research,$c[2012?]-
=300  \\$billustrations (black and white, and colour)
=310  \\$aAnnual
=336  \\$atext$2rdacontent
=337  \\$acomputer$2rdamedia
=338  \\$aonline resource$2rdacarrier
=500  \\$aTitle from PDF cover (PDF supplied by publisher).
=588  \\$aDescription based on: Jul. 2017; title from PDF cover page (PDF supplied by publisher).
=610  20$aGE Healthcare$vPeriodicals.
=690  7\$aManagement and Business Studies$2blcoll
=710  2\$aBMI Research (Firm)
=856  4\$uhttp://www.bmiresearch.com/$zTo subscribe
=859  \\$aELD
=852  41$aBritish Library$bHMNTS$jELD Digital store
=CAT  \\$a10973$b40$c20170220$lBLL01$h1112
=CAT  \\$a10806$b40$c20171129$lBLL01$h1439
=CAT  \\$a10806$b40$c20171129$lBLL01$h1440
=CAT  \\$a10806$b40$c20171129$lBLL01$h1441
=CAT  \\$a8871$b40$c20171130$lBLL01$h0732
=CAT  \\$a11147$b40$c20180115$lBLL01$h1541
=CAT  \\$aBATCH-MBS$c20180119$lBLL01$h2110
=FIN  \\$aY$d20171129
=MNI  \\$a2514-1139
=LAS  \\$aBATCH-MBS$b00$c20180119$lBLL01$h2110

