=LDR  02013cas a2200541 i 4500
=001  018245893
=003  Uk
=005  20180112103454.0
=006  m\\\\\|\\d\|\\\\\\
=007  cr||||||||||||
=008  170306c201u9999enkar\\\o\s\\\0\\\a0eng\\
=FMT  \\$a  SE
=015  \\$aGBB730779$2bnb
=022  0\$a2514-2348$202
=037  \\$a???$bBusiness Monitor International
=040  \\$aUk$beng$cUk$erda
=042  \\$aissnuk$aukblsr
=082  04$a338.47610284$223
=222  \0$a3M medical device companies analysis
=245  00$a3M medical device companies analysis.
=246  30$aMedical device companies analysis
=246  17$a3M medical device companies analysis report
=264  \1$a[London] :$bEspicom Business Intelligence,$c[2012?]-
=300  \\$billustrations (black and white)
=310  \\$aAnnual
=336  \\$atext$2rdacontent
=337  \\$acomputer$2rdamedia
=338  \\$aonline resource$2rdacarrier
=500  \\$a"Espicom, a Business Monitor International Company".
=588  \\$aDescription based on: May 2014 issue ; title from PDF cover.
=610  20$a3M Company$vPeriodicals.
=610  20$a3M Company$xFinance$vPeriodicals.
=610  20$a3M Company$vStatistics$vPeriodicals.
=650  \0$aMedical instruments and apparatus industry$vPeriodicals.
=650  \0$aMedical instruments and apparatus industry$vStatistics$vPeriodicals.
=650  \0$aMedical instruments and apparatus industry$xForecasting$vPeriodicals.
=650  \0$aMarket surveys$vPeriodicals.
=690  7\$aManagement and Business Studies$2blcoll
=710  2\$aEspicom Business Intelligence,$eissuing body.
=856  4\$uhttp://www.bmiresearch.com/$zTo subscribe
=859  \\$aELD
=852  41$aBritish Library$bHMNTS$jELD Digital store
=CAT  \\$a10973$b40$c20170306$lBLL01$h1601
=CAT  \\$a11147$b40$c20180112$lBLL01$h1033
=CAT  \\$a11147$b40$c20180112$lBLL01$h1034
=CAT  \\$aBATCH-MBS$c20180119$lBLL01$h2110
=FIN  \\$aY$d20170306
=LAS  \\$aBATCH-MBS$b00$c20180119$lBLL01$h2110

